<record><leader>00000cas a22000007a 4500</leader><controlfield tag="001">22142886</controlfield><controlfield tag="008">900725d18811885inuwr ne      0    0eng d</controlfield><controlfield tag="009">5452</controlfield><datafield ind1=" " ind2=" " tag="010"><subfield code="a">sn 90099350 </subfield></datafield><datafield ind1=" " ind2=" " tag="040"><subfield code="a">NPI</subfield><subfield code="b">eng</subfield><subfield code="c">NPI</subfield><subfield code="d">OCLCQ</subfield></datafield><datafield ind1=" " ind2=" " tag="042"><subfield code="a">msc</subfield></datafield><datafield ind1="0" ind2="4" tag="245"><subfield code="a">The Clay City independent.</subfield></datafield><datafield ind1=" " ind2=" " tag="260"><subfield code="a">Clay City, Clay County, Ind. :</subfield><subfield code="b">William Travis,</subfield><subfield code="c">1881-1885.</subfield></datafield><datafield ind1=" " ind2=" " tag="300"><subfield code="a">5 v.</subfield></datafield><datafield ind1=" " ind2=" " tag="310"><subfield code="a">Weekly</subfield></datafield><datafield ind1="0" ind2=" " tag="362"><subfield code="a">Vol. 1, no. 1 (Feb. 11, 1881)-v. 5, no. 9 (May 29, 1885).</subfield></datafield><datafield ind1=" " ind2=" " tag="752"><subfield code="a">United States</subfield><subfield code="b">Indiana</subfield><subfield code="c">Clay</subfield><subfield code="d">Clay City.</subfield></datafield><datafield ind1="0" ind2="0" tag="785"><subfield code="t">Clay City reporter</subfield><subfield code="w">(DLC)sn 86063050</subfield></datafield></record>